% This file was created with JabRef 2.9.2.
% Encoding: ISO8859_1

% Order alphabetically
% Make sure all are consistent -- e.g. either all have Month or None do

@MISC{Trymata2024,
  title = {A guide to usability testing sample size},
  author = {{Trymata}},
  year = {2024},
  month = {October},
  day = {24},
  howpublished = {Trymata},
  url = {https://trymata.com/learn/usability-testing-sample-size/}
}

@ARTICLE{Asai2023,
  title = {Self-RAG: Learning to retrieve, generate, and critique through self-reflection},
  author = {Asai, A. and Wu, Z. and Wang, Y. and Sil, A. and Hajishirzi, H.},
  journal = {arXiv preprint arXiv:2310.11511},
  year = {2023},
  url = {https://arxiv.org/abs/2310.11511}
}

@ARTICLE{Bruch2022,
  title = {An analysis of fusion functions for hybrid retrieval},
  author = {Bruch, S. and Gai, S. and Ingber, A.},
  journal = {arXiv preprint arXiv:2210.11934},
  year = {2022},
  url = {https://arxiv.org/abs/2210.11934}
}

@INCOLLECTION{Butterfield2014,
  title = {High-tech investigations of cybercrime},
  author = {Butterfield, E.},
  booktitle = {Elsevier eBooks},
  year = {2014},
  pages = {59--70},
  doi = {10.1016/b978-0-12-800743-3.00006-2}
}

@ARTICLE{Carvallo2020,
  title = {Automatic document screening of medical literature using word and text embeddings in an active learning setting},
  author = {Carvallo, A. and Parra, D. and Lobel, H. and Soto, A.},
  journal = {Scientometrics},
  year = {2020},
  volume = {125},
  number = {3},
  pages = {3047--3084},
  doi = {10.1007/s11192-020-03648-6}
}

@ARTICLE{Clark2009,
  title = {Challenges in data extraction from PDF documents: Rule-based approaches},
  author = {Clark, D. and Nguyen, T. and Smith, J.},
  journal = {Journal of Information Processing},
  year = {2009},
  volume = {28},
  number = {3},
  pages = {123--135},
  doi = {10.1016/j.jip.2009.03.015}
}

@BOOK{Croft2023,
  title = {Document retrieval models and implementation},
  author = {Croft, W. B. and Harper, D. J.},
  publisher = {University of California, Riverside},
  year = {2023}
}

@ARTICLE{Devlin2019,
  title = {BERT: Pre-training of deep bidirectional transformers for language understanding},
  author = {Devlin, J. and Chang, M. W. and Lee, K. and Toutanova, K.},
  journal = {arXiv preprint arXiv:1810.04805},
  year = {2019}
}

@ARTICLE{Do2024,
  title = {Automatic prompt selection for large language models},
  author = {Do, V.-T. and others},
  journal = {arXiv preprint arXiv:2404.02717},
  year = {2024},
  url = {https://arxiv.org/abs/2404.02717}
}

@INPROCEEDINGS{Doan2024,
  title = {A hybrid retrieval approach for advancing retrieval-augmented generation systems},
  author = {Doan, N. N. and Harma, A. and Celebi, R. and Gottardo, V.},
  booktitle = {Proceedings of the 2024 International Conference on Natural Language and Speech Processing},
  year = {2024},
  url = {https://aclanthology.org/2024.icnlsp-1.41.pdf}
}


@INPROCEEDINGS{Feng2024,
  title = {Synergistic interplay between search and large language models for information retrieval},
  author = {Feng, J. and Tao, C. and Geng, X. and Shen, T. and Xu, C. and Long, G. and Zhao, D. and Jiang, D.},
  booktitle = {Proceedings of the 62nd Annual Meeting of the Association for Computational Linguistics (Volume 1: Long Papers)},
  year = {2024},
  pages = {9571--9583},
  publisher = {Association for Computational Linguistics},
  url = {https://aclanthology.org/2024.acl-long.517}
}

@MISC{Frost2023,
  title = {Wilcoxon signed rank test explained},
  author = {Frost, J.},
  howpublished = {Statistics by Jim},
  year = {2023},
  month = {July},
  day = {30},
  url = {https://statisticsbyjim.com/hypothesis-testing/wilcoxon-signed-rank-test/}
}

@INPROCEEDINGS{Gao2021,
  title = {COIL: Revisit exact lexical match in information retrieval with contextualized inverted list},
  author = {Gao, L. and Dai, Z. and Callan, J.},
  booktitle = {Proceedings of the 2021 Conference of the North American Chapter of the Association for Computational Linguistics: Human Language Technologies},
  year = {2021},
  pages = {3030--3042},
  url = {https://www.cs.cmu.edu/~callan/Papers/naacl21-Luyu-Gao.pdf}
}

@ARTICLE{Gao2020,
  title = {Complementing lexical retrieval with semantic residual embedding},
  author = {Gao, L. and Dai, Z. and Chen, T. and Fan, Z. and Van Durme, B. and Callan, J.},
  journal = {arXiv preprint arXiv:2004.13969},
  year = {2020},
  url = {https://arxiv.org/abs/2004.13969}
}

@ARTICLE{Gupta2018,
  title = {Deep learning techniques for automatic information extraction from PDF documents},
  author = {Gupta, A. and Jain, N. and Verma, R.},
  journal = {Journal of Data Science and Applications},
  year = {2018},
  volume = {14},
  number = {2},
  pages = {47--58},
  doi = {10.1007/s10844-018-0482-x}
}

@ARTICLE{Hsain2024,
  title = {Chatbot technology in higher education: Leveraging LangChain and GPT for internationalization and digital transformation},
  author = {Hsain, F. and El Housni, Z.},
  journal = {arXiv preprint arXiv:2403.14702},
  year = {2024},
  url = {https://arxiv.org/abs/2403.14702}
}

@ARTICLE{Huang2020,
  title = {Embedding-based retrieval in Facebook search},
  author = {Huang, P.-S. and others},
  journal = {arXiv preprint arXiv:2006.11632},
  year = {2020}
}

@ARTICLE{Huh2023,
  title = {Generating breast ultrasound reports using LangChain for standardized medical documentation},
  author = {Huh, S. and Kim, J. and Park, S. H.},
  journal = {arXiv preprint arXiv:2312.03013},
  year = {2023},
  url = {https://arxiv.org/abs/2312.03013}
}

@ARTICLE{Jeong2024,
  title = {Adaptive-RAG: Learning to adapt retrieval-augmented large language models through question complexity},
  author = {Jeong, S. and Baek, J. and Cho, S. and Hwang, S. J. and Park, J. C.},
  journal = {arXiv preprint arXiv:2403.14403},
  year = {2024},
  url = {https://arxiv.org/abs/2403.14403}
}

@INCOLLECTION{Klink2007,
  title = {Document information retrieval},
  author = {Klink, S. and Kise, K. and Dengel, A. and Junker, M. and Agne, S.},
  booktitle = {Advances in Pattern Recognition},
  pages = {351--378},
  year = {2007},
  doi = {10.1007/978-1-84628-726-8_16}
}

@ARTICLE{Kuzi2020,
  title = {Leveraging semantic and lexical matching to improve the recall of document retrieval systems: A hybrid approach},
  author = {Kuzi, S. and Zhang, M. and Li, C. and Bendersky, M. and Najork, M.},
  journal = {arXiv preprint arXiv:2010.01195},
  year = {2020},
  url = {https://arxiv.org/abs/2010.01195}
}

@MISC{LangChain2022,
  title = {LangChain documentation: Retrieval-augmented generation},
  author = {LangChain Team},
  year = {2022},
  url = {https://python.langchain.com/docs/tutorials/rag/}
}

@BOOK{Liddy2005,
  title = {Document retrieval, automatic},
  author = {Liddy, E. D.},
  publisher = {Syracuse University},
  year = {2005},
  address = {New York, NY}
}

@ARTICLE{Livathinos2021,
  title = {Recovering document structure from PDF data using neural networks},
  author = {Livathinos, C. and Parra, M. and Lopes, H.},
  journal = {arXiv preprint arXiv:2102.09395},
  year = {2021},
  url = {https://arxiv.org/abs/2102.09395}
}

@INPROCEEDINGS{Ma2024,
  title = {Fine-tuning LLaMA for multi-stage text retrieval},
  author = {Ma, X. and Wang, L. and Yang, N. and Wei, F. and Lin, J.},
  booktitle = {Proceedings of the 2024 ACM SIGIR Conference on Research and Development in Information Retrieval},
  year = {2024},
  url = {https://cs.uwaterloo.ca/~jimmylin/publications/Ma_etal_SIGIR2024.pdf}
}

@INPROCEEDINGS{Macdonald2020,
  title = {Declarative experimentation in information retrieval using PyTerrier},
  author = {Macdonald, C. and Tonellotto, N.},
  booktitle = {Proceedings of the 2020 ACM SIGIR on International Conference on Theory of Information Retrieval},
  year = {2020},
  pages = {161--168},
  doi = {10.1145/3409256.3409829}
}

@MISC{Malve2015,
  title = {A comparative study of keyword and semantic-based search engines},
  author = {Malve, A. and Chawan, P. M.},
  howpublished = {ResearchGate},
  year = {2015},
  doi = {10.15680/IJIRSET.2015.0411039}
}

@BOOK{Manning2008,
  title = {Introduction to information retrieval},
  author = {Manning, C. D. and Raghavan, P. and Schütze, H.},
  publisher = {Cambridge University Press},
  year = {2008}
}

@ARTICLE{Mathew2020,
  title = {Keyword-based text document retrieval system},
  author = {Mathew, E. and Karthikeyan, L. and Senthil, B. M.},
  journal = {i-Manager's Journal on Information Technology},
  year = {2020},
  volume = {9},
  number = {4},
  pages = {1}
}

@INPROCEEDINGS{Meuschke2023,
  title = {A benchmark of PDF information extraction tools using a multi-task and multi-domain evaluation},
  author = {Meuschke, N. and Schubotz, M. and Gipp, B.},
  booktitle = {Proceedings of the 16th ACM/IEEE-CS Joint Conference on Digital Libraries},
  year = {2023},
  pages = {123--132},
  publisher = {ACM},
  url = {https://www.gipp.com/wp-content/papercite-data/pdf/meuschke2023.pdf}
}

@ARTICLE{Mikolov2013,
  title = {Efficient estimation of word representations in vector space},
  author = {Mikolov, T. and Chen, K. and Corrado, G. and Dean, J.},
  journal = {arXiv preprint arXiv:1301.3781},
  year = {2013}
}

@MISC{MSU2023a,
  title = {IIT Docs},
  author = {{Mindanao State University - Iligan Institute of Technology}},
  howpublished = {Retrieved from},
  url = {https://repository.msuiit.edu.ph/bor/index.php},
  note = {n.d.-a}
}

@MISC{MSU2023b,
  title = {IIT Docs},
  author = {{Mindanao State University - Iligan Institute of Technology}},
  howpublished = {Retrieved from},
  url = {https://myiit.msuiit.edu.ph/my/v2/apps/iitdocs/index.php?ref=home},
  note = {n.d.-b}
}

@MISC{Okon2023,
  title = {Academic records management systems (ARMS) and students’ academic records maintenance in Nigerian universities},
  author = {Okon, G. and Umoren, E. E. and Philips, K.},
  howpublished = {DigitalCommons@University of Nebraska - Lincoln},
  url = {https://digitalcommons.unl.edu/libphilprac/7936},
  note = {n.d.}
}

@INPROCEEDINGS{Palm2017,
  title = {Machine learning approaches to document layout recognition in PDFs},
  author = {Palm, R. and Bertelsen, N. and Foged, T.},
  booktitle = {Proceedings of the International Conference on Document Analysis and Recognition (ICDAR)},
  year = {2017},
  pages = {567--572},
  doi = {10.1109/icdar.2017.89}
}

@ARTICLE{Pandya2023,
  title = {Automating customer service with LangChain: A custom open-source GPT chatbot},
  author = {Pandya, S. and Holia, R.},
  journal = {arXiv preprint arXiv:2310.05421},
  year = {2023},
  url = {https://arxiv.org/abs/2310.05421}
}

@MISC{Parsio2023,
  title = {5 effective techniques for extracting information from PDF documents},
  author = {{Parsio}},
  howpublished = {Retrieved from},
  url = {https://parsio.io/blog/5-effective-techniques-for-extracting-information-from-pdf-documents/},
  year = {2023}
}

@ARTICLE{Patel2019,
  title = {Challenges in information retrieval systems: A review of keyword-based limitations},
  author = {Patel, R. and Smith, J. and Kumar, P.},
  journal = {Journal of Digital Information Management},
  year = {2019},
  volume = {17},
  number = {1},
  pages = {25--31}
}

@MISC{Powell2023,
  title = {Document retrieval and search techniques},
  author = {Powell, M.},
  howpublished = {CPO Magazine},
  year = {2023},
  month = {September},
  day = {6},
  url = {https://www.cpomagazine.com/tech/document-retrieval-and-search-techniques/}
}

@ARTICLE{Sarmah2024,
  title = {HybridRAG: Integrating knowledge graphs and vector retrieval augmented generation for efficient information extraction},
  author = {Sarmah, B. and Hall, B. and Rao, R. and Patel, S. and Mehta, D.},
  journal = {arXiv preprint arXiv:2408.04948},
  year = {2024},
  url = {https://arxiv.org/abs/2408.04948}
}

@ARTICLE{Suh2024,
  title = {A conversational agent for promoting cultural awareness in Seoul using LangChain},
  author = {Suh, J. and Lee, Y. and Park, M.},
  journal = {arXiv preprint arXiv:2402.06929},
  year = {2024},
  url = {https://arxiv.org/abs/2402.06929}
}

@ARTICLE{Thakur2021,
  title = {BEIR: A heterogeneous benchmark for zero-shot evaluation of information retrieval models},
  author = {Thakur, N. and Reimers, N. and Rücklé, A. and Srivastava, A. and Gurevych, I.},
  journal = {arXiv preprint arXiv:2104.08663},
  year = {2021}
}

@ARTICLE{Uddin2021,
  title = {Enhancing search systems with semantic technologies: A case for academic institutions},
  author = {Uddin, M. S. and Zhuang, H.},
  journal = {Information Retrieval Journal},
  year = {2021},
  volume = {24},
  number = {2},
  pages = {97--115}
}

@ARTICLE{Wang2022,
  title = {Enhancing retrieval systems with LangChain: A new paradigm for information processing},
  author = {Wang, J. and Lee, S. and Zhang, H. and Chen, T.},
  journal = {arXiv preprint arXiv:2205.11815},
  year = {2022},
  url = {https://arxiv.org/abs/2205.11815}
}

@ARTICLE{Wei2023,
  title = {ChatIE: Zero-shot information extraction via chatting with ChatGPT},
  author = {Wei, X. and others},
  journal = {arXiv preprint arXiv:2302.10205},
  year = {2023},
  url = {https://arxiv.org/abs/2302.10205}
}

@ARTICLE{Xu2023,
  title = {Large language models for generative information extraction: A survey},
  author = {Xu, D. and others},
  journal = {Frontiers of Computer Science},
  year = {2023},
  url = {https://link.springer.com/article/10.1007/s11704-024-40555-y}
}

